@book{ponikvar,
      author    = "Ponikvar, Du≈°an",
      title     = "Uporaba Mikroprocesorjev",
      year      = "2010",
      publisher = "Self-Published",
      url       = {https://www.fmf.uni-lj.si/~ponikvar/PDFji/Uporaba%20mikroprocesorjev%208.pdf}
    }

@inbook{introdsp,
        author    = "Orfanidis, Sophocles",
        title     = "FIR Digital Filter Design",
        booktitle = "Introduction to Signal Processing",
        year      = "1996",
        publisher = "Pearson",
        pages     = "532--562",
        url       = {http://eceweb1.rutgers.edu/~orfanidi/intro2sp/}
    }

@inbook{convolution,
        author    = "Orfanidis, Sophocles",
        title     = "Overlap-Add Block Convolution Method",
        booktitle = "Introduction to Signal Processing",
        year      = "1996",
        publisher = "Pearson",
        pages     = "143--146",
        url       = {http://eceweb1.rutgers.edu/~orfanidi/intro2sp/}
    }

@inbook{proakis,
        author    = "Proakis, John and Manolakis, Dimitris",
        title     = "Design of Digital Filters",
        booktitle = "Digital Signal Processing: Principles, Algorithms, and Applications",
        year      = "1996",
        publisher = "Prentice-Hall",
        pages     = "614--737",
        edition   = "Third"
    }

@misc{mit,
        author = "Oppenheim, Alan",
        title = "RES.6-008 Digital Signal Processing",
        year = "2011",
        publisher = "Massachusetts Institute of Technology: MIT OpenCourseWare",
        howpublished = "\url{https://ocw.mit.edu}",
        url = {https://ocw.mit.edu/resources/res-6-008-digital-signal-processing-spring-2011}
}

@software{portaudio,
  author = {Bencina, Ross and Burk, Phil},
  title = {PortAudio: Portable Real-Time Audio Library},
  url = {http://www.portaudio.com/},
  version = {19},
  date = {2021-08-31},
}

@software{pyaudio,
  author = {Pham, Hubert},
  title = {PyAudio},
  url = {https://people.csail.mit.edu/hubert/pyaudio/},
  version = {0.2.11},
  date = {2021-08-31},
}

@software{numpy,
  author = {The Numpy Project},
  title = {NumPy},
  url = {https://numpy.org/about/},
  version = {1.19.2},
  date = {2021-08-31},
}
